<record><leader>00000cas a22000007a 4500</leader><controlfield tag="001">26033877</controlfield><controlfield tag="008">920617d19381942aruwr ne      0    0eng d</controlfield><datafield ind1=" " ind2=" " tag="010"><subfield code="a">sn 92050117 </subfield></datafield><datafield ind1=" " ind2=" " tag="040"><subfield code="a">ANU</subfield><subfield code="b">eng</subfield><subfield code="c">ANU</subfield><subfield code="d">OCLCQ</subfield></datafield><datafield ind1=" " ind2=" " tag="042"><subfield code="a">msc</subfield></datafield><datafield ind1="0" ind2="0" tag="245"><subfield code="a">Lockesburg review.</subfield></datafield><datafield ind1=" " ind2=" " tag="260"><subfield code="a">Lockesburg, Sevier County, Ark. :</subfield><subfield code="b">Earle Ramsey</subfield></datafield><datafield ind1=" " ind2=" " tag="300"><subfield code="a">v.</subfield></datafield><datafield ind1=" " ind2=" " tag="310"><subfield code="a">Weekly</subfield></datafield><datafield ind1="1" ind2=" " tag="362"><subfield code="a">Began in 1938; ceased Dec. 24, 1942.</subfield></datafield><datafield ind1=" " ind2=" " tag="588"><subfield code="a">Description based on incomplete issue of Feb. 10, 1939; title from publisher's statement.</subfield></datafield><datafield ind1=" " ind2="4" tag="651"><subfield code="a">Lockesburg (Ark.)</subfield><subfield code="v">Newspapers.</subfield></datafield><datafield ind1=" " ind2="4" tag="651"><subfield code="a">Sevier County (Ark.)</subfield><subfield code="v">Newspapers.</subfield></datafield><datafield ind1=" " ind2=" " tag="752"><subfield code="a">United States</subfield><subfield code="b">Arkansas</subfield><subfield code="c">Sevier</subfield><subfield code="d">Lockesburg.</subfield></datafield><datafield ind1="1" ind2=" " tag="029"><subfield code="a">AU@</subfield><subfield code="b">000020710509</subfield></datafield></record>